@article{Chiaverini1997,
author = {Chiaverini, Stefano},
file = {:home/sup/Downloads/R{\&}D/Chiaverini97-taskpriority.pdf:pdf},
number = {3},
pages = {398--410},
title = {{Singularity-Robust Task-Priority Redundancy Resolution for Real-Time Kinematic Control of Robot Manipulators}},
volume = {13},
year = {1997}
}
@article{Singh2012,
author = {Singh, Surya and Pounds, Paul and Kurniawati, Hanna},
doi = {10.1007/978-981-10-0830-6},
file = {:home/sup/Downloads/R{\&}D/Bruyninckx2010.pdf:pdf},
isbn = {9789811008306},
pages = {1--24},
title = {{Robot Kinematics and Dynamics}},
year = {2012}
}
@article{Clara2012,
author = {Clara, Santa and Rice, Daniel S and Yamasani, Amith and Jose, San and Parks, Jason B and Clara, Santa and Millar, Evan and View, Mountain and Richardson, P C},
doi = {9168268},
file = {:home/sup/Downloads/R{\&}D/US6456901.pdf:pdf},
isbn = {1020070102},
issn = {02277576},
number = {12},
pmid = {20125635},
title = {{(12) United States Patent}},
volume = {2},
year = {2012}
}
@article{Mechanisms1983,
author = {Mechanisms, Robotic},
file = {:home/sup/Downloads/R{\&}D/027836498500400201.pdf:pdf},
pages = {3--9},
title = {{of Robotic Mechanisms}},
year = {1983}
}
@article{yoshikawa1985dynamic,
  title={Dynamic manipulability of robot manipulators},
  author={Yoshikawa, Tsuneo},
  journal={Transactions of the Society of Instrument and Control Engineers},
  volume={21},
  number={9},
  pages={970--975},
  year={1985},
  publisher={The Society of Instrument and Control Engineers}
}
@book{featherstone2014rigid,
  title={Rigid body dynamics algorithms},
  author={Featherstone, Roy},
  year={2014},
  publisher={Springer}
}
@article{Siciliano1990,
author = {Siciliano, B},
file = {:home/sup/Downloads/R{\&}D/47757af47d7a559c6275d426182a773a9171.pdf:pdf},
journal = {Intelligent and Robotic Systems},
keywords = {methods,optimization,projection operators,pseudoinverses,redundant manipulators,robot kinematic control,singularities},
number = {3},
pages = {201--212},
title = {{Kinematic control of redundant robot manipulators: {\{}A{\}} tutorial}},
volume = {3},
year = {1990}
}
@article{Buss2004,
abstract = {This is a introduction to the Jacobian transpose method, the pseudoinverse method, and the damped least squares methods for inverse kinematics (IK). The mathematical foundations of these methods are presented, with an analysis based on the singular value decomposition.},
archivePrefix = {arXiv},
arxivId = {NIHMS150003},
author = {Buss, Samuel R. Sr},
doi = {10.1016/j.neuroscience.2005.01.020},
eprint = {NIHMS150003},
file = {:home/sup/Downloads/R{\&}D/iksurvey.pdf:pdf},
isbn = {0306-4522 (Print)$\backslash$r0306-4522 (Linking)},
issn = {0306-4522},
journal = {University of California, San Diego, Typeset manuscript {\ldots}},
number = {4},
pages = {1--19},
pmid = {15857700},
title = {{Introduction to inverse kinematics with jacobian transpose, pseudoinverse and damped least squares methods}},
volume = {132},
year = {2004}
}
@inproceedings{vanthienen2011itasc,
  title={iTaSC as a unified framework for task specification, control, and coordination, demonstrated on the PR2},
  author={Vanthienen, Dominick and De Laet, Tinne and Decr{\'e}, Wilm and Smits, Ruben and Klotzb{\"u}cher, Markus and Buys, Koen and Bellens, Steven and Gherardi, Luca and Bruyninckx, Herman and De Schutter, Joris},
  booktitle={IEEE/RSJ International Conference on Intelligent Robots and Systems (IROS 2011).},
  year={2011}
}
@article{ivaldi2014tools,
  title={Tools for dynamics simulation of robots: a survey based on user feedback},
  author={Ivaldi, Serena and Padois, Vincent and Nori, Francesco},
  journal={arXiv preprint arXiv:1402.7050},
  year={2014}
}
@inproceedings{todorov2012mujoco,
  title={Mujoco: A physics engine for model-based control},
  author={Todorov, Emanuel and Erez, Tom and Tassa, Yuval},
  booktitle={Intelligent Robots and Systems (IROS), 2012 IEEE/RSJ International Conference on},
  pages={5026--5033},
  year={2012},
  organization={IEEE}
}
@article{kdl,
 title={Kinematics and Dynamics Library (KDL)},
 author={R. Smits, E. Aertbelien, H. Bruyninckx, and A. Shakhimardanov},
 url={http://www.orocos.org/kdl},
 year="2018(Accessed May 5, 2018)"
}
@inproceedings{mansard2009versatile,
  title={A versatile generalized inverted kinematics implementation for collaborative working humanoid robots: The stack of tasks},
  author={Mansard, Nicolas and Stasse, Olivier and Evrard, Paul and Kheddar, Abderrahmane},
  booktitle={Advanced Robotics, 2009. ICAR 2009. International Conference on},
  pages={1--6},
  year={2009},
  organization={IEEE}
}
@article{mansard2009unified,
  title={A unified approach to integrate unilateral constraints in the stack of tasks},
  author={Mansard, Nicolas and Khatib, Oussama and Kheddar, Abderrahmane},
  journal={IEEE Transactions on Robotics},
  volume={25},
  number={3},
  pages={670--685},
  year={2009},
  publisher={IEEE}
}
@incollection{donelan2010kinematic,
  title={Kinematic singularities of robot manipulators},
  author={Donelan, Peter},
  booktitle={Advances in Robot Manipulators},
  year={2010},
  publisher={InTech}
}
@article{abdolmalaki2017geometric,
  title={Geometric Jacobians Derivation and Kinematic Singularity Analysis for Smokie Robot Manipulator \& the Barrett WAM},
  author={Abdolmalaki, Reza Yazdanpanah},
  journal={arXiv preprint arXiv:1707.04821},
  year={2017}
}
@article{tan2004singularity,
  title={A singularity-free motion control algorithm for robot manipulatorsâ€”a hybrid system approach},
  author={Tan, Jindong and Xi, Ning and Wang, Yuechao},
  journal={Automatica},
  volume={40},
  number={7},
  pages={1239--1245},
  year={2004},
  publisher={Elsevier}
}
@inproceedings{kim2006hybrid,
  title={A Hybrid Visual Servo System Considering the Workspace Boundary Singularity},
  author={Kim, Do Hyoung and Chung, Myung Jin},
  booktitle={Intelligent Robots and Systems, 2006 IEEE/RSJ International Conference on},
  pages={2338--2344},
  year={2006},
  organization={IEEE}
}
@book{spong2006robot,
  title={Robot modeling and control},
  author={Spong, Mark W and Hutchinson, Seth and Vidyasagar, Mathukumalli and others},
  volume={3},
  year={2006},
  publisher={Wiley New York}
}
@article{shakhimardanov2015composable,
  title={Composable Robot Motion Stack: Implementing Constrained Hybrid Dynamics using Semantic Models of Kinematic Chains},
  author={Shakhimardanov, Azamat},
  year={2015}
}
@article{felis2017rbdl,
  title={RBDL: an efficient rigid-body dynamics library using recursive algorithms},
  author={Felis, Martin L},
  journal={Autonomous Robots},
  volume={41},
  number={2},
  pages={495--511},
  year={2017},
  publisher={Springer}
}
@article{vereshchagin1989modeling,
  title={MODELING AND CONTROL OF MOTION OF MANIPULATIONAL ROBOTS},
  author={Vereshchagin, AF},
  journal={SOVIET JOURNAL OF COMPUTER AND SYSTEMS SCIENCES},
  volume={27},
  number={5},
  pages={29--38},
  year={1989},
  publisher={SCRIPTA TECHNICA PUBL 7961 EASTERN AVE, SILVER SPRING, MD 20910}
}
@incollection{donelan2007singularities,
  title={Singularities of robot manipulators},
  author={Donelan, PS},
  booktitle={Singularity Theory: Dedicated to Jean-Paul Brasselet on His 60th Birthday},
  pages={189--217},
  year={2007},
  publisher={World Scientific}
}
@INPROCEEDINGS { mansard-icra-12,
    TITLE = { {A Dedicated Solver for Fast Operational-Space Inverse Dynamics} },
    AUTHOR = { Mansard, Nicolas },
    URL = { https://hal.archives-ouvertes.fr/hal-00707200 },
    BOOKTITLE = { {2012 IEEE International Conference on Robotics and Automation} },
    ADDRESS = { St Paul, United States },
    HAL_LOCAL_REFERENCE = { Rapport LAAS n{\textdegree} 12283 },
    PAGES = { 4943-4949 },
    YEAR = { 2012 },
    MONTH = { May },
    PDF = { https://hal.archives-ouvertes.fr/hal-00707200/file/main.pdf },
    HAL_ID = { hal-00707200 },
    HAL_VERSION = { v1 },
    ORGANIZATION = { IEEE },
}	
@inproceedings{smits2008itasc,
  title={iTASC: a tool for multi-sensor integration in robot manipulation},
  author={Smits, Ruben and De Laet, Tinne and Claes, Kasper and Bruyninckx, Herman and De Schutter, Joris},
  booktitle={Multisensor Fusion and Integration for Intelligent Systems, 2008. MFI 2008. IEEE International Conference on},
  pages={426--433},
  year={2008},
  organization={IEEE}
}
@inproceedings{mansard2009versatile,
  title={A versatile generalized inverted kinematics implementation for collaborative working humanoid robots: The stack of tasks},
  author={Mansard, Nicolas and Stasse, Olivier and Evrard, Paul and Kheddar, Abderrahmane},
  booktitle={Advanced Robotics, 2009. ICAR 2009. International Conference on},
  pages={1--6},
  year={2009},
  organization={IEEE}
}
@article{sentis2005synthesis,
  title={Synthesis of whole-body behaviors through hierarchical control of behavioral primitives},
  author={Sentis, Luis and Khatib, Oussama},
  journal={International Journal of Humanoid Robotics},
  volume={2},
  number={04},
  pages={505--518},
  year={2005},
  publisher={World Scientific}
}
@article{khatib2004whole,
  title={Whole-body dynamic behavior and control of human-like robots},
  author={Khatib, Oussama and Sentis, Luis and Park, Jaeheung and Warren, James},
  journal={International Journal of Humanoid Robotics},
  volume={1},
  number={01},
  pages={29--43},
  year={2004},
  publisher={World Scientific}
}
@inproceedings{sentis2006whole,
  title={A whole-body control framework for humanoids operating in human environments},
  author={Sentis, Luis and Khatib, Oussama},
  booktitle={Robotics and Automation, 2006. ICRA 2006. Proceedings 2006 IEEE International Conference on},
  pages={2641--2648},
  year={2006},
  organization={IEEE}
}
@article{khatib1987unified,
  title={A unified approach for motion and force control of robot manipulators: The operational space formulation},
  author={Khatib, Oussama},
  journal={IEEE Journal on Robotics and Automation},
  volume={3},
  number={1},
  pages={43--53},
  year={1987},
  publisher={IEEE}
}
@inproceedings{decre2009extending,
  title={Extending iTaSC to support inequality constraints and non-instantaneous task specification},
  author={Decr{\'e}, Wilm and Smits, Ruben and Bruyninckx, Herman and De Schutter, Joris},
  booktitle={Robotics and Automation, 2009. ICRA'09. IEEE International Conference on},
  pages={964--971},
  year={2009},
  organization={IEEE}
}
@inproceedings{decre2013extending,
  title={Extending the iTaSC constraint-based robot task specification framework to time-independent trajectories and user-configurable task horizons},
  author={Decr{\'e}, Wilm and Bruyninckx, Herman and De Schutter, Joris},
  booktitle={Robotics and Automation (ICRA), 2013 IEEE International Conference on},
  pages={1941--1948},
  year={2013},
  organization={IEEE}
}
@article{fok2016controlit,
  title={ControlIt!â€”a software framework for whole-body operational space control},
  author={Fok, Chien-Liang and Johnson, Gwendolyn and Yamokoski, John D and Mok, Aloysius and Sentis, Luis},
  journal={International Journal of Humanoid Robotics},
  volume={13},
  number={01},
  pages={1550040},
  year={2016},
  publisher={World Scientific}
}
@book{bellman2013dynamic,
  title={Dynamic programming},
  author={Bellman, Richard},
  year={2013},
  publisher={Courier Corporation}
}
@article{vereshchagin1989modeling,
  title={MODELING AND CONTROL OF MOTION OF MANIPULATIONAL ROBOTS},
  author={Vereshchagin, AF},
  journal={SOVIET JOURNAL OF COMPUTER AND SYSTEMS SCIENCES},
  volume={27},
  number={5},
  pages={29--38},
  year={1989},
  publisher={SCRIPTA TECHNICA PUBL 7961 EASTERN AVE, SILVER SPRING, MD 20910}
}
@book{lagrange1853mecanique,
  title={M{\'e}canique analytique},
  author={Lagrange, Joseph Louis},
  volume={1},
  year={1853},
  publisher={Mallet-Bachelier}
}
@book{luenberger1984linear,
  title={Linear and nonlinear programming},
  author={Luenberger, David G and Ye, Yinyu and others},
  volume={2},
  year={1984},
  publisher={Springer}
}
@inproceedings{de1994singular,
  title={Singular value decomposition},
  author={De Lathauwer, L and De Moor, B and Vandewalle, J and by Higher-Order, Blind Source Separation},
  booktitle={Proc. EUSIPCO-94, Edinburgh, Scotland, UK},
  volume={1},
  pages={175--178},
  year={1994}
}
@article{buss2005selectively,
  title={Selectively damped least squares for inverse kinematics},
  author={Buss, Samuel R and Kim, Jin-Su},
  journal={Journal of Graphics tools},
  volume={10},
  number={3},
  pages={37--49},
  year={2005},
  publisher={Taylor \& Francis}
}
@inproceedings{szkodny2014avoiding,
  title={Avoiding of the kinematic singularities of contemporary industrial robots},
  author={Szkodny, Tadeusz},
  booktitle={International Conference on Intelligent Robotics and Applications},
  pages={183--194},
  year={2014},
  organization={Springer}
}
@article{tchon2000manipulators,
  title={Manipulators and mobile robots: models, movement planning and control},
  author={Tcho{\'n}, K and Mazur, A and Dul{\k{e}}ba, I and Hossa, R and Muszy{\'n}ski, R},
  journal={Warsaw: AOW PLJ},
  year={2000}
}
@book{siciliano2010robotics,
  title={Robotics: modelling, planning and control},
  author={Siciliano, Bruno and Sciavicco, Lorenzo and Villani, Luigi and Oriolo, Giuseppe},
  year={2010},
  publisher={Springer Science \& Business Media}
}

